@inbook{AdlerEtAl:2022,
   author = {Adler, C. and Wester, P. and Bhatt, I. and Huggel, C. and Insarov, G.E. and Morecroft, M.D. and Muccione, V. and Prakash, A.},
   title = {Cross-Chapter Paper 5: Mountains},
   booktitle = {Climate Change 2022: Impacts, Adaptation and Vulnerability. Contribution of Working Group II to the Sixth Assessment Report of the Intergovernmental Panel on Climate Change},
   editor = {Pörtner, H. O. and Roberts, D. C. and Tignor, M. and Poloczanska, E. S. and Mintenbeck, K. and Alegría, A. and Craig, M. and Langsdorf, S. and Löschke, S. and Möller, V. and Okem, A. and Rama, B.},
   publisher = {Cambridge University Press},
   address = {Cambridge, UK and New York, USA},
   pages = {2273-2318},
   ISBN = {9781009325844},
   DOI = {10.1017/9781009325844.022.2273},
   year = {2022},
   type = {Book Section}
}

@techreport{BavandiEtAl:2022,
  author = {Bavandi, Antoine and Berrais, Dorra and Dolk, Michaela and Mahul, Olivier},
  title = {Physical Climate Risk Assessment: Practical Lessons for the Development of Climate Scenarios with Extreme Weather Events from Emerging Markets and Developing Economies},
  institution = {Network for Greening the Financial System},
  year = {2022}
}

@article{BertramEtAl:2020,
  title={NGFS Climate Scenarios Database: Technical Documentation},
  author={Bertram, Chris and Hilaire, J and Kriegler, E and Beck, T and Bresch, DN and Clarke, L and Cui, R and Edmonds, J and Min, J and Piontek, F and others},
  year={2020},
  publisher={Potsdam Institute for Climate Impact Research (PIK), International Institute~…}
}

@article{BlackCox:1976,
    title = {Valuing corporate securities: some effects of bond indenture provisions},
    author = {Black, Fischer and Cox, John C.},
    journal = {Journal of Finance},
    year = {1976},
    pages = {351-367},
    number = 2,
    volume = 31,
}

@article{ChauvetEtAl:2024,
  title={Smoothed U.S. Recession Probabilities},
  author={Chauvet, Marcelle and Piger, Jeremy Max},
  year={2024},
  publisher={Federal Reserve Bank of St. Louis}
}

@article{Christidis:2013,
  title={A new {HadGEM3-A}-based system for attribution of weather-and climate-related extreme events},
  author={Christidis, Nikolaos and Stott, Peter A and Scaife, Adam A and Arribas, Alberto and Jones, Gareth S and Copsey, Dan and Knight, Jeff R and Tennant, Warren J},
  journal={Journal of Climate},
  volume={26},
  number={9},
  pages={2756--2783},
  year={2013},
  publisher={American Meteorological Society}
}

@article{Christidis:2021,
    title = {Using {CMIP6} multi-model ensembles for near real-time attribution of extreme events},
    author = {Christidis, N.},
    journal = {Hadley Centre Technical Note},
    year = {2019},
    volume = {107},
    url = {https://www.metoffice.gov.uk/research/library-and-archive/publications/science/climate-sciencetechnical-notes}
}

@inbook{Cooley:2013,
    author = {Cooley, Daniel},
    year = {2013},
    month = {01},
    pages = {97-114},
    title = {Return Periods and Return Levels Under Climate Change},
    isbn = {978-94-007-4478-3},
    journal = {Extremes in A Changing Climate: Detection, Analysis, and Uncertainty},
    doi = {10.1007/978-94-007-4479-0_4}
}

@techreport{CFRF:2022,
  title={Scenario Analysis: Physical Risk},
  institution={Climate Financial Risk Forum},
  url={https://www.fca.org.uk/publication/corporate/cfrf-guide-2022-scenario-analysis-physical-risk-underwriting-guide.pdf.pdf},
  year={2022}
}

@article{DosioEtAl:2018,
  title={Extreme heat waves under {1.5 C} and {2 C} global warming},
  author={Dosio, Alessandro and Mentaschi, Lorenzo and Fischer, Erich M and Wyser, Klaus},
  journal={Environmental Research Letters},
  volume={13},
  number={5},
  pages={054006},
  year={2018},
  publisher={IOP Publishing}
}

@article{DeesEtAl:2017,
  title={Stress-test analytics for macroprudential purposes: Introducing STAMP€},
  author={Dees, St{\'e}phane and Henry, J{\'e}r{\^o}me},
  journal={Satellite Models},
  volume={13},
  year={2017}
}

@article{DunneEtAl:2013,
  title={Reductions in labour capacity from heat stress under climate warming},
  author={Dunne, John P and Stouffer, Ronald J and John, Jasmin G},
  journal={Nature Climate Change},
  volume={3},
  number={6},
  pages={563--566},
  year={2013},
  publisher={Nature Publishing Group}
}

@Article{EberenzEtAl:2013,
  title={Regional tropical cyclone impact functions for globally consistent risk assessments},
  author={Eberenz, Samuel and L{\"u}thi, Samuel and Bresch, David N},
  journal={Natural Hazards and Earth System Sciences},
  volume={21},
  number={1},
  pages={393--415},
  year={2021},
  publisher={Copernicus GmbH}
}

@techreport{HuizingaEtAl:2017,
  title={Global flood depth-damage functions: Methodology and the database with guidelines},
  author={Huizinga, Jan and De Moel, Hans and Szewczyk, Wojciech and others},
  year={2017},
  institution={Joint Research Centre (Seville site)}
}

@article{KenyonEtAl:2021,
    title = {Climate change valuation adjustment (CCVA) using parameterized climate change impacts},
    author = {Kenyon, Chris and Berrahouia, Mourad},
    journal = {Risk},
    year = {2021}
}

@article{KuzmaEtAl:2023,
  title={Aqueduct 4.0: Updated decision-relevant global water risk indicators},
  author={Kuzma, Samantha and Bierkens, Marc F.P. and S. Lakshman, Shivani and Luo, Tianyi and Saccoccia, Liz and Sutanudjaja, Edwin H. and Van Beek, Rens},
  journal={World Resources Institute},
  year={2023},
  DOI={10.46830/writn.23.00061}
}

@article{LuoEtAl:2021,
  title={Assessing Physical Climate Risks for the European Bank for Reconstruction and Development's Power Generation Project Investment Portfolio},
  author={Luo, Tianyi and Zhou, Lihuan and Falzon, James and Cheng, Yan and Christianson, Giulia and Wu, Yili and Habchi, Amir},
  year={2021}
}

@article{LuoEtAl:2023,
  title={A framework to assess multi-hazard physical climate risk for power generation projects from publicly-accessible sources},
  author={Luo, Tianyi and Zhou, Lihuan and Falzon, James and Cheng, Yan and Christianson, Giulia and Wu, Yili and Habchi, Amir},
  year={2023},
  journal={Communications Earth \& Environment},
  volume={4},
  number={117},
  DOI = {10.1038/s43247-023-00782-w},
  publisher={Nature Publishing Group}
}

@article{MaskreyEtAl:2011,
  title={Revealing Risk, Redefining Development, Global Assessment Report on Disaster Risk Reduction},
  author={Maskrey, Andrew and Peduzzi, Pascal and Chatenoux, Bruno and Herold, Christian and Dao, Quoc-Hy and Giuliani, Gregory},
  journal={United Nations Strategy for Disaster Reduction},
  pages={17--51},
  year={2011},
  publisher={United Nations}
}

@article{MazdiyasniEtAl:2019,
  title={Heat wave intensity duration frequency curve: A multivariate approach for hazard and attribution analysis},
  author={Mazdiyasni, Omid and Sadegh, Mojtaba and Chiang, Felicia and AghaKouchak, Amir},
  journal={Scientific reports},
  volume={9},
  number={1},
  pages={1--8},
  year={2019},
  publisher={Nature Publishing Group}
}

@article{MentaschiEtAl:2016,
  title={The transformed-stationary approach: a generic and simplified methodology for non-stationary extreme value analysis},
  author={Mentaschi, Lorenzo and Vousdoukas, Michalis and Voukouvalas, Evangelos and Sartini, Ludovica and Feyen, Luc and Besio, Giovanni and Alfieri, Lorenzo},
  journal={Hydrology and Earth System Sciences},
  volume={20},
  number={9},
  pages={3527--3547},
  year={2016},
  publisher={Copernicus GmbH}
}

@article{Merton:1974,
    title = {On the pricing of corporate debt: the risk structure of interest rates},
    author = {Merton, Robert C.},
    journal = {Journal of Finance},
    year = {1974},
    pages = {449-470},
    number = 2,
    volume = 29,
}

@article{MerzEtAl:2004,
  title={Estimation uncertainty of direct monetary flood damage to buildings},
  author={Merz, Bruno and Kreibich, Heidi and Thieken, A and Schmidtke, Reinhard},
  journal={Natural Hazards and Earth System Sciences},
  volume={4},
  number={1},
  pages={153--163},
  year={2004},
  publisher={Copernicus GmbH}
}
@book{MitchellEtAl:2017,
  title={Natural catastrophe risk management and modelling: A practitioner's guide},
  author={Mitchell-Wallace, Kirsten and Jones, Matthew and Hillier, John and Foote, Matthew},
  year={2017},
  publisher={John Wiley \& Sons}
}

@book{Nelsen:2007,
    author = {Roger~B. Nelsen},
    title = {An Introduction to Copulas},
    year = {2007},
    edition = {2nd},
    publisher = {Princeton University Press},
    address = {New York~(NY)}
}

@article{NeidellEtAl:2014,
  title={Temperature and the Allocation of Time: Implications for Climate Change},
  author={Neidell, Matthew and Graff Zivin, Joshua},
  journal={Journal of Labor Economics},
  volume={32},
  number={1},
  pages={1--26},
  year={2006},
  publisher={The University of Chicago Press on behalf of the Society of Labor Economists and the NORC at the University of Chicago}
}

@article{NeidellEtAl:2021,
  title={Temperature and work: Time allocated to work under varying climate and labor market conditions},
  author={Neidell, Matthew and Graff Zivin, Joshua and Sheahan, Megan and Willwerth, Jacqueline and Fant, Charles and Sarofim, Marcus and Martinich, Jeremy},
  journal={PloS one},
  volume={16},
  number={8},
  pages={e0254224},
  year={2021},
  publisher={Public Library of Science San Francisco, CA USA}
}

@misc{OasisFinancialModule,
       author = {Taylor, Peter and Carter, Johanna},
       title = {Oasis Financial Module},
       year = {2020}
}

@misc{OasisLMF,
       author = {Oasis},
       title = {Oasis loss modelling framework: open source catastrophe modelling platform},
       year = {2021},
       url = {https://oasislmf.org/}
}

@misc{OSC,
  author = {OS-C},
  title = {{OS-Climate} {(OS-C)} platform},
  year = {2021},
  url = {http://www.os-climate.org/}
}

@book{PortnerEtAl:2022,
  title={Climate change 2022: Impacts, adaptation and vulnerability},
  author={P{\"o}rtner, Hans-O and Roberts, Debra C and Adams, Helen and Adler, Carolina and Aldunce, Paulina and Ali, Elham and Begum, Rawshan Ara and Betts, Richard and Kerr, Rachel Bezner and Biesbroek, Robbert and others},
  year={2022},
  publisher={IPCC Geneva, Switzerland:}
}

@article{RangerEtAl:2022,
  title={Assessing Financial Risks from Physical Climate Shocks},
  author={Ranger, Nicola Ann and Mahul, Olivier and Monasterolo, Irene},
  year={2022},
  publisher={Washington, DC: World Bank}
}

@article{RaschkeEtAl:2022,
  title={About the return period of a catastrophe},
  author={Raschke, Mathias},
  journal={Natural Hazards and Earth System Sciences},
  volume={22},
  number={1},
  pages={245--263},
  year={2022},
  publisher={Copernicus GmbH}
}

@book{ReisingerEtAl:2020,
  title={The Concept of Risk in the IPCC Sixth Assessment Report: A Summary of Cross-Working Group Discussions},
  author={Reisinger, Andy and Howden, Mark and Vera, Carolina and others},
  year={2020},
  publisher={IPCC Geneva, Switzerland:}
}

@techreport{RichtersEtAl:2022,
  author = {Richters, Oliver and others},
  title = "Climate Scenarios Database: Technical Documentation v3.1",
  institution = "Network for Greening the Financial System",
  year = "2022"
}

@article{ScawthornEtAl:2006,
  title={{HAZUS-MH} flood loss estimation methodology. I: Overview and flood hazard characterization},
  author={Scawthorn, Charles and Blais, Neil and Seligson, Hope and Tate, Eric and Mifflin, Edward and Thomas, Will and Murphy, James and Jones, Christopher},
  journal={Natural Hazards Review},
  volume={7},
  number={2},
  pages={60--71},
  year={2006},
  publisher={American Society of Civil Engineers}
}

@article{StottEtAl:2016,
  title={Attribution of extreme weather and climate-related events},
  author={Stott, Peter A and Christidis, Nikolaos and Otto, Friederike EL and Sun, Ying and Vanderlinden, Jean-Paul and van Oldenborgh, Geert Jan and Vautard, Robert and von Storch, Hans and Walton, Peter and Yiou, Pascal and others},
  journal={Wiley Interdisciplinary Reviews: Climate Change},
  volume={7},
  number={1},
  pages={23--41},
  year={2016},
  publisher={Wiley Online Library}
}

@inproceedings{Taylor:2015,
   author = {Taylor, Peter},
   year={2015},
   title={Calculating financial loss from catastrophes},
   booktitle={SECED 2015 Conference: Earthquake risk and engineering towards a resilient world},
   publisher={Society for earthquake and civil engineering dynamics},
   url = {http://seced.org.uk/images/newsletters/TAYLOR.pdf}
}

@article{ThrasherEtAl:2022,
  title={NASA Global Daily Downscaled Projections, {CMIP6}},
  author={Thrasher, Bridget and Wang, Weile and Michaelis, Andrew and Melton, Forrest and Lee, Tsengdar and Nemani, Ramakrishna},
  journal={Scientific Data},
  volume={9},
  number={1},
  pages={1--6},
  year={2022},
  publisher={Nature Publishing Group}
}

@article{VicenteSerranoEtAl:2010,
  title={A multiscalar drought index sensitive to Global Warming: the Standardized Precipitation Evapotranspiration Index},
  author={Vicente-Serrano, Sergio and Begueria, Santiago and Lopez-Moreno, Juan I.},
  journal={Journal of Climate},
  volume={23},
  number={7},
  pages={1696-1718},
  year={2010},
  publisher={American Meteorological Society},
  doi = {10.1175/2009JCLI2909.1}
}

@article{WardEtAl:2011,
  title={How are flood risk estimates affected by the choice of return-periods?},
  author={Ward, Philip J and De Moel, H and Aerts, JCJH},
  journal={Natural Hazards and Earth System Sciences},
  volume={11},
  number={12},
  pages={3181--3195},
  year={2011},
  publisher={Copernicus GmbH}
}

@article{WardEtAl:2013,
  title={Assessing flood risk at the global scale: model setup, results, and sensitivity},
  author={Ward, Philip J and Jongman, Brenden and Weiland, Frederiek Sperna and Bouwman, Arno and van Beek, Rens and Bierkens, Marc FP and Ligtvoet, Willem and Winsemius, Hessel C},
  journal={Environmental research letters},
  volume={8},
  number={4},
  pages={044019},
  year={2013},
  publisher={IOP Publishing}
}

@article{WardEtAl:2020,
  title={Aqueduct floods methodology},
  author={Ward, Philip J and Winsemius, Hessel C and Kuzma, Samantha and Bierkens, Marc FP and Bouwman, Arno and De Moel, Hans and Loaiza, Andr{\'e}s D{\'\i}az and Eilander, Dirk and Englhardt, Johanna and Erkens, Gilles and others},
  journal={World Resources Institute},
  pages={1--28},
  year={2020}
}

@article{WoetzelEtAl:2020,
  title={Climate risk and response: Physical hazards and socioeconomic impacts},
  author={Woetzel, Jonathan and Pinner, Dickon and Samandari, Hamid},
  year={2020},
  publisher={McKinsey \& Company}
}

@article{XuEtAl:2021,
  title={Bias-corrected {CMIP6} global dataset for dynamical downscaling of the historical and future climate (1979--2100)},
  author={Xu, Zhongfeng and Han, Ying and Tam, Chi-Yung and Yang, Zong-Liang and Fu, Congbin},
  journal={Scientific Data},
  volume={8},
  number={1},
  pages={1--11},
  year={2021},
  publisher={Nature Publishing Group}
}

@article{ZhangAndShindell:2021,
  title={Costs from labor losses due to extreme heat in the USA attributable to climate change},
  author={Zhang, Yuqiang and Shindell, Drew T},
  journal={Climatic change},
  volume={164},
  number={3},
  pages={1--18},
  year={2021},
  publisher={Springer}
}
