@article{durst1960wind,
  title={Wind speeds over short periods of time},
  author={Durst, CS},
  journal={Meteor. Mag},
  volume={89},
  number={1056},
  pages={181--187},
  year={1960}
}

@article{harper2010guidelines,
  title={Guidelines for converting between various wind averaging periods in tropical cyclone conditions},
  author={Harper, BA and Kepert, JD and Ginger, JD},
  year={2010},
  publisher={Citeseer}
}

@article{holmes2014gust,
  title={Gust durations, gust factors and gust response factors in wind codes and standards},
  author={Holmes, John D and Allsop, Andrew C and Ginger, John D},
  journal={Wind and Structures},
  volume={19},
  number={3},
  pages={339--352},
  year={2014},
  publisher={Techno-Press}
}

@techreport{huizinga2017global,
  title={Global flood depth-damage functions: Methodology and the database with guidelines},
  author={Huizinga, Jan and De Moel, Hans and Szewczyk, Wojciech},
  year={2017},
  institution={Joint Research Centre}
}

@article{paulsen2005examination,
  title={An examination of tropical and extratropical gust factors and the associated wind speed histograms},
  author={Paulsen, Becca M and Schroeder, John L},
  journal={Journal of Applied Meteorology and Climatology},
  volume={44},
  number={2},
  pages={270--280},
  year={2005},
  publisher={American Meteorological Society}
}

@techreport{hazus2024inventory,
  title={Hazus Inventory Technical Manual, Hazus 6.1},
  author={FEMA},
  year={2024},
  institution={FEMA}
}

@techreport{hazus2024hurricane,
  title={Hazus Hurricane Model Technical Manual, Hazus 6.1},
  author={FEMA},
  year={2024},
  institution={FEMA}
}
